<?xml version="1.0" encoding="UTF-8"?><collection xmlns="http://www.loc.gov/MARC21/slim"><record><leader>00341nam--2200121-i-4500</leader><controlfield tag="001">000013543</controlfield><controlfield tag="002">20161230</controlfield><controlfield tag="005">20161230201030</controlfield><controlfield tag="008">060222s1000------------r-----000-0-eng-d</controlfield><datafield ind1=" " ind2=" " tag="245"><subfield code="a">Development in solid earth geophysics vol.11</subfield></datafield><datafield ind1=" " ind2=" " tag="260"><subfield code="a">Elastic Waves In The Earth</subfield></datafield><datafield ind1=" " ind2=" " tag="490"><subfield code="a">Amsterdam, Elsevier Sci.Publ.Co., 1979</subfield></datafield><datafield ind1=" " ind2=" " tag="700"><subfield code="a">Pilant, Walter L</subfield></datafield></record></collection>